<?xml version="1.0" encoding="UTF-8"?><collection xmlns="http://www.loc.gov/MARC21/slim"><record><leader>00506nam--2200181-i-4500</leader><controlfield tag="001">000016056</controlfield><controlfield tag="002">20161230</controlfield><controlfield tag="005">20161230201031</controlfield><controlfield tag="008">060222s1000------------r-----000-0-eng-d</controlfield><datafield ind1=" " ind2=" " tag="040"><subfield code="a">IFIN-HH</subfield></datafield><datafield ind1=" " ind2=" " tag="080"><subfield code="a">532.132:536.7</subfield></datafield><datafield ind1="1" ind2=" " tag="100"><subfield code="a">Bird, Byron R</subfield></datafield><datafield ind1="1" ind2="0" tag="245"><subfield code="a">Transport phenomena</subfield><subfield code="c">Byron r. bird, warren e. stewart, edwin n. lightfoot</subfield></datafield><datafield ind1=" " ind2=" " tag="260"><subfield code="a">New York,John Wiley And Sons,Inc.,196o</subfield></datafield><datafield ind1=" " ind2=" " tag="300"><subfield code="a">XXI + 780 P</subfield></datafield><datafield ind1="1" ind2=" " tag="700"><subfield code="a">Lightfoot, Edwin N</subfield></datafield><datafield ind1=" " ind2=" " tag="852"><subfield code="a">16273</subfield><subfield code="c">532</subfield></datafield><datafield ind1=" " ind2=" " tag="CAT"><subfield code="a">Sys</subfield><subfield code="c">20100713</subfield><subfield code="h">112406</subfield></datafield></record></collection>